@misc{rstensorflow2017,
	title={ {RSTensorFlow}: GPU Enabled TensorFlow for Deep Learning on Commodity Android Devices},
	url={https://nesl.github.io/RSTensorFlow}},
	note={Software available from nesl.github.io},
	author={Moustafa Alzantot and Yingnan Wang and Zhengshuang Ren and Mani B. Srivastava},
	year={2017},
	howpublished={1st International Workshop on Deep Learning for Mobile Systems and Applications}  
}

@misc{deepsense2016,
	title={ {DeepSense}: A GPU-based Deep Convolutional Neural Network Framework on Commodity Mobile Devices},
	author={Loc N. Huynh and Rajesh K. Balan and Youngki Lee},
	year={2016}, 
	howpublished={2016 Workshop on Wearable Systems and Applications}
}

@misc{deepmon2017,
	title={ {DeepMon}: Mobile GPU-based Deep Learning Framework for Continuous Vision Applications},
	author={Loc N. Huynh and Youngki Lee and Rajesh Krishna Balan},
	year={2017}, 
	howpublished={15th Annual International Conference on Mobile Systems, Applications, and Services}
}

@misc{deepear2015,
	title={ {DeepEar}: Robust Smartphone Audio Sensing in Unconstrained Acoustic Environments using Deep Learning},
	author={Nicholas D. Lane and Petko Georgiev and Lorena Qendro},
	year={2015}, 
	howpublished={15th Annual International Conference on Mobile Systems, Applications, and Services}
}

@misc{conv2d-optimizing-unfolding,
	title={{High Performance} Convolutional Neural Networks for Document Processing},
	author={Chellapilla, K. and Puri, S. and Simard, P},
	year={2006},
	url={http://www.suvisoft.com}},
	howpublished={Tenth International Workshop on Frontiers in Handwriting Recognition, La Baule (France)}
}

@misc{stanford-CS231n,
	title={{}},
	url={http://cs231n.stanford.edu}},
	note={Zuletzt besucht: 16.11.2017},
	author={Fei-Fei Li and Justin Johnson and Serena Yeung},
	year={2017}
}